% Encoding: UTF-8
﻿@Book{Golyandina.etal2001,
  Title                    = {Analysis of Time Series Structure: {SSA} and Related Techniques},
  Author                   = {N. Golyandina and V. Nekrutkin and A. Zhigljavsky},
  Publisher                = {Chapman\&Hall/CRC},
  Year                     = {2001}
}

@InProceedings{Golyandina.etal2003,
  Title                    = {Варианты метода <<{Г}усеница>>-{SSA} для анализа многомерных временных рядов},
  Author                   = {Голяндина, Н. Э. and Некруткин, В. В. and Степанов, Д. В.},
  Booktitle                = {{Т}руды {II} {М}еждународной конференции <<{И}дентификация систем и задачи управления>>, SICPRO'03. Москва},
  Year                     = {2003},
  Pages                    = {2139--2168},
  Journal                  = {SICPRO'03. Москва},
  Language                 = {russian}
}

@InProceedings{Spisok2017,
  Title                    = {Разделение ошибок в аргументе и значении функции с применением к данным экспрессии генов},
  Author                   = {Жорникова, П.Г. and Голяндина, Н. Э.},
  Booktitle                = {Материалы 7-й всероссийской научной конференции по проблемам информатики СПИСОК-2017},
  Year                     = {2017},
  Pages                    = {504--511},
  Publisher                = {CПб.: ВВМ},
  Language                 = {russian}
}
 
@Article{Duda1972,
  Title                    = {Use of the Hough Transformation to Detect Lines and Curves in Pictures},
  Author                   = {Duda, R. O. and Hart, P. E.},
  Journal                  = {Comm. ACM, Vol. 15},
  Year                     = {1972},
  Pages                    = {11–15},
  Timestamp                = {January}
}

@Manual{Rssa,
  Title                    = {\textsc{Rssa}: A collection of methods for singular spectrum analysis},
  Author                   = {Korobeynikov, A. and Shlemov, A. and Usevich, K. and Golyandina, N.},
  Note                     = {R~package version~0.13-1},
  Year                     = {2015},
  Url                      = {http://CRAN.R-project.org/package=Rssa }
}


@Article{Trickett2003,
  Title                    = {F-xy eigenimage noise suppression},
  Author                   = {Trickett, Stewart R.},
  Journal                  = {Geophysics},
  Year                     = {2003},
  Number                   = {2},
  Pages                    = {751--759},
  Volume                   = {68}
}

@InProceedings{Alexandrov.Golyandina2005,
  Title                    = {Automatic extraction and forecast of time series cyclic components within the framework of SSA},
  Author                   = {Alexandrov, Th. and Golyandina, N.},
  Booktitle                = {Proceedings of the 5th St.Petersburg Workshop on Simulation},
  Year                     = {2005},
  Pages                    = {45--50},
  Publisher                = {St. Petersburg State University},
  Timestamp                = {2011.02.02}
}

@PHDTHESIS{Shmelov2011,
  author                   = {Шлемов, А. Ю.},
 title                     = {Некоторые задачи анализа временных рядов и идентификация компонент в методе <<{Г}усеница>>-{SSA}},
 type                      = {дипломная работа},
 school                    = {Санкт-петербург. гос. ун-т},
 address                   = {Санкт-Петербург},
 year                      = {2011},
 language                  = {russian}
}

@misc{polina_zhornikova_2018_1252476,
  author       = {Polina Zhornikova},
  title        = {polinazhornikova/Thesis-2018 0.1},
  month        = {may},
  year         = {2018},
  doi          = {10.5281/zenodo.1252476},
  url          = {https://doi.org/10.5281/zenodo.1252476}
}

@PHDTHESIS{Alexandrov2006,
author = {Александров, Ф. Ю.},
title = {Разработка программного комплекса автоматического выделения и прогноза аддитивных компонент временных рядов в рамках подхода <<{Г}усеница>>-{SSA}},
type = {диссертация на соискание степени к.ф.-м.н.},
school = {Санкт-петербург. гос. ун-т},
address = {Санкт-Петербург},
year = {2006},
numpages = {152},
language = {russian}
}

@PHDTHESIS{Zhornikova2016,
  author                   = {Жорникова, П. Г.},
 title                     = {Применение комплексно-значного метода анализа сингулряного спектра},
 type                      = {бакалаврская работа},
 school                    = {Санкт-петербург. гос. ун-т},
 address                   = {Санкт-Петербург},
 year                      = {2016},
 language                  = {russian}
}

@Article{Golyandina.Shlemov2014,
  Title                    = {Variations of Singular Spectrum Analysis for Separability Improvement: Non-Orthogonal Decompositions of Time Series},
  Author                   = {Nina Golyandina and Alex Shlemov},
  Journal                  = {Statistics and Its Interface},
  Year                     = {2014},
  Pages                    = {(accepted)},
  Timestamp                = {2013.08.25},
  Url                      = {http://arxiv.org/abs/1308.4022}
}

@Book{Golyandina.Zhigljavsky2012,
  Title                    = {{S}ingular {S}pectrum {A}nalysis for time series},
  Author                   = {N. Golyandina and A. Zhigljavsky},
  Publisher                = {Springer},
  Year                     = {2013},
  Series                   = {Springer Briefs in Statistics}
}


@InProceedings{Alvarez2013,
  Title                    = {Automatic Singular Spectrum Analysis for Time-Series Decomposition},
  Author                   = {Alvarez-Meza, A.M.  and Acosta-Medina, C.D. and Castellanos-Dominguez, G.},
  Booktitle                = {European Symposium on Artificial Neural Networks},
  Year                     = {2013},
  Pages                    = {131--136},
  Url                      = {https://www.elen.ucl.ac.be/Proceedings/esann/esannpdf/es2013-48.pdf}
}

@Article{Abalov2015,
  Title                    = {Автоматическая группировка компонент разложения временного ряда при сингулярном спектральном анализе},
  Author                   = {Абалов, Н.В.  and Губарев, В.В.},
  Journal                  = {Труды {СПИИРАН}},
  Year                     = {2015},
  Pages                    = {68--82},
  language                 = {russian},
  Url                      = {proceedings.spiiras.nw.ru/ojs/index.php/sp/article/download/3197/1845}
}

@InBook{Watson2016,
author = {Watson, P.J.},
title = {Identifying the Best Performing Time Series Analytics for Sea Level Research},
booktitle = {Time Series Analysis and Forecasting: Selected Contributions from the ITISE Conference (Contributions to Statistics)},
editor    = {Rojas, I.  and Pomares, H.},
publisher = {Springer},
year = {2016},
pages = {261--278}
}

@InBook{Watson2016b,
author = {Watson, P.J.},
title = {How to improve estimates of real-time acceleration in the mean sea level signal},
booktitle = {Proceedings of the 14th International Coastal Symposium (Sydney, Australia). Journal of Coastal Research, Special Issue},
editor    = {Vila-Concejo, A. and Bruce, E. and Kennedy, D.M. and McCarroll, R.J.},
year = {2016},
pages = {780--784}
}


@Article{Romeroa2015,
  Title                    = {An automatic SSA-based de-noising and smoothing technique for surface electromyography signals},
  Author                   = {Romeroa, F. and Alonsoa,  F.J. and Cuberob, J.  and Galán-Marína, G.},
  Journal                  = {Biomedical Signal Processing and Control},
  Year                     = {2015},
  Pages                    = {317--324},
  Volume                   = {18}
}

@InProceedings{Leonard2017,
  Title                    = {Automatic Singular Spectrum Analysis and Forecasting},
  Author                   = {Leonard, M. and  Elsheimer, B.},
  Booktitle                = {SAS Conference Proceedings: SAS Global Forum 2017},
  Year                     = {2017},
  Url                      = {http://support.sas.com/resources/papers/proceedings17/SAS0586-2017.pdf}
}

@Article{Alexandrov2009,
  Title                    = {A method of trend extraction using Singular Spectrum Analysis},
  Author                   = {Alexandrov, Th.},
  Journal                  = {RevStat},
  Year                     = {2009},
  Number                   = {1},
  Pages                    = {1--22},
  Volume                   = {7},
  Timestamp                = {2011.01.15}
}

@Article{Brown2007,
  Title                    = {Variance estimation in nonparametric regression via the difference sequence method},
  Author                   = {Brown, L. and Levine, M.},
  Journal                  = {The Annals of Statistics},
  Year                     = {2007},
  Pages                    = {2219--2232},
  Volume                   = {35}
}

@InCollection{Cleveland.etal1993,
  Title                    = {Local regression models},
  Author                   = {Cleveland, W.S. and Grosse, E. and Shyu, W.M.},
  Booktitle                = {Statistical models in S},
  Publisher                = {Chapman and Hall, London},
  Year                     = {1993},
  Editor                   = {Chambers, J.M. and Hastie, T.J.},
  Owner                    = {nina},
  Timestamp                = {2017.04.22}
}

@Article{Daubechies2010,
  Title                    = {Iteratively Reweighted Least Squares Minimization for Sparse Recovery},
  Author                   = {Daubechies, I. and Devore, R. and others},
  Journal                  = {Communications on Pure and Applied Mathematics},
  Year                     = {2010},
  Pages                    = {1--38},
  Volume                   = {63}
}

@Article{Dette2002,
  Title                    = {A consistent test for heteroscedasticity in nonparametric regression based on the kernel method },
  Author                   = {Holger Dette},
  Journal                  = {Journal of Statistical Planning and Inference },
  Year                     = {2002},
  Number                   = {1–2},
  Pages                    = {311 - 329},
  Volume                   = {103},
  Doi                      = {https://doi.org/10.1016/S0378-3758(01)00229-4},
  ISSN                     = {0378-3758},
  Keywords                 = {Test for heteroscedasticity},
  Owner                    = {nina},
  Timestamp                = {2017.12.20},
  Url                      = {https://www.sciencedirect.com/science/article/pii/S0378375801002294}
}

@Article{Dette.etal1998,
  Title                    = {Estimating the variance in nonparametric regression—what is a reasonable choice?},
  Author                   = {Dette, H. and Munk, A. and Wagner, T.},
  Journal                  = {Journal of the Royal Statistical Society: Series B (Statistical Methodology)},
  Year                     = {1998},
  Number                   = {4},
  Pages                    = {751--764},
  Volume                   = {60},
  Doi                      = {10.1111/1467-9868.00152},
  ISSN                     = {1467-9868},
  Keywords                 = {Efficiency, Nonparametric regression, Polynomial weights, Quadratic forms, Variance estimation, Variate difference method},
  Owner                    = {nina},
  Publisher                = {Blackwell Publishers Ltd.},
  Timestamp                = {2017.12.20},
  Url                      = {http://dx.doi.org/10.1111/1467-9868.00152}
}

@Article{Duda1972,
  Title                    = {Use of the Hough Transformation to Detect Lines and Curves in Pictures},
  Author                   = {Duda, R. O. and Hart, P. E.},
  Journal                  = {Comm. ACM, Vol. 15},
  Year                     = {1972},
  Pages                    = {11РІР‚вЂњ15},
  Timestamp                = {January}
}

@Article{Eftaxias.etal2015,
  Title                    = {Detection of {P}arkinson's tremor from {EMG} signals; a singular spectrum analysis approach},
  Author                   = {Eftaxias, K. and Enshaeifar, S. and others},
  Journal                  = {In {2015 IEEE International Conference on Digital Signal Processing (DSP)}},
  Year                     = {2015},
  Pages                    = {398--402}
}

@InCollection{GeneExpression,
  Title                    = {Measuring Gene Expression Noise in Early Drosophila Embryos:
Nucleus-to-nucleus Variability},
  Author                   = {NE Golyandina and DM Holloway and FJP Lopes and AV Spirov and EN Spirova and KD Usevich},
  Booktitle                = {Procedia Computer Science },
  Year                     = {2012},
  Pages                    = { 373--382}
}

@Article{Golyandina.Korobeynikov2013,
  Title                    = {Basic Singular Spectrum Analysis and Forecasting with \proglang{R}},
  Author                   = {Golyandina, N. and Korobeynikov, A.},
  Journal                  = {Computational Statistics \& Data Analysis},
  Year                     = {2013},
  Pages                    = {943--954},
  Volume                   = {71},
  Timestamp                = {2013.08.09}
}


@Article{Hall.Carroll1989,
  Title                    = {Variance Function Estimation in Regression: The Effect of Estimating the Mean},
  Author                   = {Peter Hall and R. J. Carroll},
  Journal                  = {Journal of the Royal Statistical Society. Series B (Methodological)},
  Year                     = {1989},
  Number                   = {1},
  Pages                    = {3-14},
  Volume                   = {51},
  Abstract                 = {We consider estimation of a variance function g in regression problems. Such estimation requires simultaneous estimation of the mean function f. We obtain clear results on the extent to which the smoothness of f influences best rates of convergence for estimating g. For example, in nonparametric regression with two derivatives on g, `classical' rates of convergence are possible if and only if the unknown f satisfies a Lipschitz condition of order 1/3 or more. If a parametric model is known for g, then g may be estimated n<sup>1/2</sup> consistently if and only if f is Lipschitz of order 1/2 or more. Optimal rates of convergence are attained by Kernel estimators.},
  ISSN                     = {00359246},
  Owner                    = {nina},
  Publisher                = {[Royal Statistical Society, Wiley]},
  Timestamp                = {2017.12.20},
  Url                      = {http://www.jstor.org/stable/2345837}
}

@Article{HALL.MARRON1990,
  Title                    = {On variance estimation in nonparametric regression},
  Author                   = {HALL, PETER and MARRON, J. S.},
  Journal                  = {Biometrika},
  Year                     = {1990},
  Number                   = {2},
  Pages                    = {415-419},
  Volume                   = {77},
  Doi                      = {10.1093/biomet/77.2.415},
  Eprint                   = {/oup/backfile/content_public/journal/biomet/77/2/10.1093/biomet/77.2.415/3/77-2-415.pdf},
  Owner                    = {nina},
  Timestamp                = {2017.12.20},
  Url                      = { + http://dx.doi.org/10.1093/biomet/77.2.415}
}

@InProceedings{Keppenne.Lall1996,
  Title                    = {Complex singular spectrum analysis and multivariate adaptive
 regression splines applied to forecasting the southern oscillation},
  Author                   = {Keppenne, C. and Lall, U.},
  Booktitle                = {Exp. Long-Lead Forcst. Bull},
  Year                     = {1996}
}


@Article{Muller.Stadtmuller1987,
  Title                    = {Estimation of Heteroscedasticity in Regression Analysis},
  Author                   = {Hans-Georg Muller and Ulrich Stadtmuller},
  Journal                  = {The Annals of Statistics},
  Year                     = {1987},
  Number                   = {2},
  Pages                    = {610-625},
  Volume                   = {15},
  Abstract                 = {Consider the regression model Yi = g(ti) + εi, 1 ≤ i ≤ n, with nonrandom design variables (ti) and measurements (Yi) for the unknown regression function g(·). We assume that the data are heteroscedastic, i.e., $E(\varepsilon^2_i) = \sigma^2_i \not\equiv \operatorname{const.}$ and investigate how to estimate σ2 i. If σ2 i = σ2(ti) with a smooth function σ2(·), initial estimators σ̃2 i can be improved by kernel smoothers and the resulting class of estimators is shown to be uniformly consistent. These estimates can be used to improve the estimation of the regression function g itself in parametric and nonparametric models. Further applications are suggested.},
  ISSN                     = {00905364},
  Owner                    = {nina},
  Publisher                = {Institute of Mathematical Statistics},
  Timestamp                = {2017.12.20},
  Url                      = {http://www.jstor.org/stable/2241329}
}

@Article{Park1966,
  Title                    = {Estimation with Heteroscedastic Error Terms},
  Author                   = {Park, R. E.},
  Journal                  = {Econometrica},
  Year                     = {1966},
  Number                   = {4},
  Pages                    = {888},
  Volume                   = {34},
  Copyright                = {Copyright В© 1966 The Econometric Society},
  ISSN                     = {00129682},
  Jstor_articletype        = {research-article},
  Jstor_formatteddate      = {Oct., 1966},
  Language                 = {English},
  Publisher                = {The Econometric Society},
  Url                      = {http://www.jstor.org/stable/1910108/}
}

@Article{FlyExArticle,
  Title                    = {FlyEx, the quantitative atlas on segmentation gene expression at cellular resolution},
  Author                   = {Pisarev, Andrei and Poustelnikova, Ekaterina and Samsonova, Maria and Reinitz, John},
  Journal                  = {Nucleic Acids Research},
  Year                     = {2009},
  Pages                    = {560--566},

  Url                      = {https://www.ncbi.nlm.nih.gov/pmc/articles/PMC2686593/}
}

@Book{Shapiro2001,
  Title                    = {Computer Vision},
  Author                   = {Shapiro, L. and Stockman, G.},
  Publisher                = {Prentice-Hall, Inc.},
  Year                     = {2001}
}

@Article{Shlemov.etal2015.2D,
  Title                    = {{S}haped singular spectrum analysis for quantifying gene expression, with application to the early \emph{Drosophila} embryo},
  Author                   = {Shlemov, Alex and Golyandina, Nina and Holloway, David and Spirov, Alexander},
  Journal                  = {BioMed Research International},
  Year                     = {2015},
  Number                   = {Article ID 689745},
  Pages                    = {1--14},
  Volume                   = {2015}
}
@Manual{BioSSA,
  Title                    = {{BioSSA}},
  Year                     = {2017},

  Owner                    = {nina},
  Timestamp                = {2016.01.30},
  Url                      = {http://biossa.github.io/}
}

@InCollection{Golyandina.Usevich2010,
  Title                    = {{2D}-extension of Singular Spectrum Analysis: algorithm and elements of theory},
  Author                   = {Golyandina, N. and Usevich, K.},
  Booktitle                = {Matrix Methods: Theory, Algorithms and Applications},
  Publisher                = {World Scientific Publishing},
  Year                     = {2010},
  Editor                   = {Olshevsky, V. and Tyrtyshnikov, E.},
  Pages                    = {449-473}
}

@Article{Vautard1992,
  Title                    = {Singular-Spectrum Analysis: A toolkit for short, noisy chaotic signals},
  Author                   = {Vautard, R. and Yiou, P. and Ghil, M.},
  Journal                  = {Physica D.},
  Year                     = {1992},
  Pages                    = {95--126},
  Volume                   = {58}
}

@Article{Fisher1929,
  Title                    = {Tests of significance in Harmonic Analysis},
  Author                   = {Fisher, R. A.},
  Journal                  = {Proc. of the Royal Society, Ser. A.},
  Year                     = {1929},
  Pages                    = {54--59},
  Volume                   = {125}
}



@Article{Shlemov.etal2015.3D,
  Title                    = {{S}haped {3D} singular spectrum analysis for quantifying gene expression, with application to the early \emph{Drosophila} embryo},
  Author                   = {Shlemov, Alex and Golyandina, Nina and Holloway, David and Spirov, Alexander},
  Journal                  = {BioMed Research International},
  Year                     = {2015},
  Number                   = {Article ID 986436},
  Pages                    = {1--18}
}


@Manual{FlyEx,
  Title                    = {A Database of Segmentation Gene Expression in Drosophila},
  Url                      = {http://urchin.spbcas.ru/flyex/}
}

